@misc{smard,
  author       = {{German Federal Network Agency}},
  title        = {SMARD},
  howpublished = {\url{https://www.smard.de/home/downloadcenter/download-marktdaten},}
}

@article{forecasting_spot_prices_using_lasso,
  author  = {Ziel, Florian},
  journal = {IEEE Transactions on Power Systems},
  title   = {Forecasting Electricity Spot Prices Using Lasso: On Capturing the Autoregressive Intraday Structure},
  year    = {2016},
  volume  = {31},
  number  = {6},
  pages   = {4977-4987},
  doi     = {10.1109/TPWRS.2016.2521545}
}

@article{merit_order_effect_renewable_generation,
  title   = {The merit order effect of wind and photovoltaic electricity generation in Germany 2008–2016: Estimation and distributional implications},
  journal = {Energy Economics},
  volume  = {44},
  pages   = {302-313},
  year    = {2014},
  issn    = {0140-9883},
  doi     = {https://doi.org/10.1016/j.eneco.2014.04.020},
  url     = {https://www.sciencedirect.com/science/article/pii/S0140988314001042},
  author  = {Johanna Cludius and Hauke Hermann and Felix Chr. Matthes and Verena Graichen}
}

@article{review_spot_price_forecasting_based_on_wind,
  author         = {Acaroğlu, Hakan and García Márquez, Fausto Pedro},
  title          = {Comprehensive Review on Electricity Market Price and Load Forecasting Based on Wind Energy},
  journal        = {Energies},
  volume         = {14},
  year           = {2021},
  number         = {22},
  article-number = {7473},
  url            = {https://www.mdpi.com/1996-1073/14/22/7473},
  issn           = {1996-1073}
}

@inbook{markets_for_electrical_energy,
  author    = {D Kirschen and G Strbac},
  chapter   = {3},
  pages     = {51--88},
  publisher = {John Wiley \& Sons, Ltd},
  title     = {Markets for Electrical Energy},
  booktitle = {Fundamentals of Power System Economics},
  year      = {2019}
}
